<?xml version="1.0" encoding="UTF-8"?><collection><record><leader>07548ntm a2200625 a 4500</leader><controlfield tag="001">006806380</controlfield><controlfield tag="003">MiAaHDL</controlfield><controlfield tag="005">20190719000000.0</controlfield><controlfield tag="006">m        d        </controlfield><controlfield tag="007">cr bn ---auaua</controlfield><controlfield tag="008">090603q15701630xx            00| ||per d</controlfield><datafield tag="035" ind1=" " ind2=" "><subfield code="a">(MiU)006806380</subfield></datafield><datafield tag="035" ind1=" " ind2=" "><subfield code="a">sdr-miu006806380</subfield></datafield><datafield tag="040" ind1=" " ind2=" "><subfield code="a">MiU</subfield><subfield code="c">MiU</subfield><subfield code="e">amremm</subfield></datafield><datafield tag="043" ind1=" " ind2=" "><subfield code="a">n-us-mi</subfield></datafield><datafield tag="100" ind1="0" ind2=" "><subfield code="6">880-01</subfield><subfield code="a">Jalāl al-Dīn Rūmī,</subfield><subfield code="c">Maulana,</subfield><subfield code="d">1207-1273.</subfield></datafield><datafield tag="240" ind1="1" ind2="0"><subfield code="6">880-02</subfield><subfield code="a">Mas̲navī.</subfield><subfield code="n">Book 4-6</subfield></datafield><datafield tag="245" ind1="1" ind2="0"><subfield code="6">880-03</subfield><subfield code="a">[Mas̲navī-i maʻnavī :</subfield><subfield code="b">mujallad-i chahārum va panjum va shishum,</subfield><subfield code="f">late 16th or early 17th century?].</subfield></datafield><datafield tag="246" ind1="3" ind2=" "><subfield code="a">Mathnawī</subfield></datafield><datafield tag="260" ind1=" " ind2=" "><subfield code="c">[1570-1630?].</subfield></datafield><datafield tag="300" ind1=" " ind2=" "><subfield code="a">173 leaves :</subfield><subfield code="b">paper ;</subfield><subfield code="c">205 x 160 (163 x 126) mm. bound to 208 x 170 mm.</subfield></datafield><datafield tag="500" ind1=" " ind2=" "><subfield code="a">Shelfmark: Ann Arbor, University of Michigan, Special Collections Library, Isl. Ms. 293</subfield></datafield><datafield tag="500" ind1=" " ind2=" "><subfield code="a">Origin: As appears in colophon for sixth book ("المجلدة السادسة") on p.345, copied by Tursūn Muḥammad ibn Musāfir Ṣarrāf under the patronage ("بسعي واهتمام") of Ḥāfiẓ Yūsuf al-Bukhārī. Date of transcription not specified though decoration, etc. suggests late 16th or early 17th century (compare Isl. Ms. 270).</subfield></datafield><datafield tag="500" ind1=" " ind2=" "><subfield code="a">Accompanying materials: Scrap torn from a packet or advertisement with "بو مهره دقت اولنه" printed in black on one side and name only partially visible in gold [BAFRA ?]on reverse (between pp.166-167).</subfield></datafield><datafield tag="500" ind1=" " ind2=" "><subfield code="a">Former shelfmark: "522 T. D. M. [i.e. Tammaro De Marinis]" inscribed in pencil on verso of front flyleaf ; "١٠٩" in ink on spine label.</subfield></datafield><datafield tag="500" ind1=" " ind2=" "><subfield code="a">Binding: Pasteboards faced in dark green cloth with red leather over spine and edges / turn-ins (cloth faced and leather edged framed binding) ; Western style binding ; pastedowns and flyleaves in shell marbled paper (mainly in dark green, red and yellow) ; false raised bands as ridges on spine ; hollow back ; now sewn in white thread, four stations ; stuck-on endbands in pale green and white ; text block has certainly been trimmed ; overall in fair condition with some abrasion, staining, lifting of leather, some spine slant (slightly cocked), etc.</subfield></datafield><datafield tag="500" ind1=" " ind2=" "><subfield code="a">Support: non-European laid paper with 6 laid lines per cm. (vertical, somewhat indistinct) and no chain lines plainly visible ; transluscent and crisp though sturdy.</subfield></datafield><datafield tag="500" ind1=" " ind2=" "><subfield code="a">Decoration: Splendid illuminated headpiece (ʻunwān / sarlawḥ ) at opening of fourth book / daftar on p.2 consisting of a large (wide) rectangular piece with gold cartouche filled with swirling arabesque in red and flanked by pendants in gold overlaid with floral vegetal accents in gold, yellow, red, white, etc. on a blue ground (approaching lapis lazuli) with border in white and turquoise bands outlining heavy gold interlace, surmounted by rectangular piece with row of swirling arabesque on fields of lapis lazuli and gold with black and red accents, itself surmounted by vertical stalks (tīgh) in blue ; another splendid illuminated headpiece at opening of fifth book / daftar on p.104, very similar to the opening headpiece but with scalloped triangular piece (or hasp or dome, head lost to trimming) set in the upper rectangular piece ; at opening of sixth book on p.218, still another splendid illuminated headpiece of similar composition to the previous two but with even more elaborate arabesque and floral motifs and incorporation of an additional band of lozenges and eight-pointed stars (mainly in black, red and gold on a dark green ground overlaid with floral vegetal motifs and outlined in white) between the lower rectangular piece and upper rectangular piece with inset triangular piece or hasp ; written area (and columns within) throughout surrounded by a frame consisting of narrow gold band defined by gold fillets with outermost blue rule ; section headings, prefaces (mainly) and marginal numerals (marking verses) rubricated.</subfield></datafield><datafield tag="500" ind1=" " ind2=" "><subfield code="a">Script: Nastaʻlīq ; compact, elegant Transoxanian hand ; serifless, with effect of words descending to baseline, closed counters, and elongated horizontal strokes.</subfield></datafield><datafield tag="500" ind1=" " ind2=" "><subfield code="a">Layout: Written in 21 lines per page with written area divided into four columns (excluding prefaces and headings) ; frame-ruled.</subfield></datafield><datafield tag="500" ind1=" " ind2=" "><subfield code="a">Collation: i, 1+IV (9), 7 IV(65), IV+3 (76), IV-1 (83), IV-1 (90), 10 IV(170), I+1 (173), i ; almost exclusively quaternions (several anomalous) ; leaves now carrying pp.147-150 mistakenly bound between pp.146-151 though they should be between pp.166-167 (compare catchwords and line numbering) ; catchwords present though occasionally cut off ; pagination in pencil, Western numerals, supplied during digitization.</subfield></datafield><datafield tag="500" ind1=" " ind2=" "><subfield code="a">Colophon: "Scribal," rectangular, mainly in Arabic, reads "تمت المجلدة السادسة من المثنوى المعنوى المولوى من كلام سلطان العلماء والمحققين ملك الابدال ... جلال الحق والدين محمد بن محمد بن الحسن البلخى ... بسعى واهتمام جناب فضايلمآب سعادت اكتساب حافظ يوسف البخارى على يد العبد الضعيف ترسون محمد بن مسافر صراف غفر الله لهم"</subfield></datafield><datafield tag="500" ind1=" " ind2=" "><subfield code="a">Incipit: "الصغن الرابع [؟] الى احسن المرائع واجل المنافع تسر قلوب العارفين بمطالعته كسر والرياض بصوت الغمام ... اي ضياء الحق حسام الدين توى كه گذشت از بنورت مثنوى ..."</subfield></datafield><datafield tag="500" ind1=" " ind2=" "><subfield code="a">Title supplied by cataloguer.</subfield></datafield><datafield tag="500" ind1=" " ind2=" "><subfield code="a">Ms. codex.</subfield></datafield><datafield tag="510" ind1="4" ind2=" "><subfield code="a">Cat. Pers. MSS. Brit. Mus.,</subfield><subfield code="c">p.584 ff.</subfield></datafield><datafield tag="520" ind1="8" ind2=" "><subfield code="a">Elegant copy of the fourth through sixth books (daftar / mujallad) of Mawlānā Jalāl al-Dīn Rūmī’s didactic poetical work in double verses. Final lines of the third book also appear on opening leaf (p.1).</subfield></datafield><datafield tag="538" ind1=" " ind2=" "><subfield code="a">Mode of access: Internet.</subfield></datafield><datafield tag="541" ind1=" " ind2=" "><subfield code="c">Purchase ;</subfield><subfield code="a">Acquired by purchase (funds donated by Horace Rackham).</subfield><subfield code="d">1924.</subfield></datafield><datafield tag="546" ind1=" " ind2=" "><subfield code="a">Persian.</subfield></datafield><datafield tag="561" ind1=" " ind2=" "><subfield code="a">Inscriptions in pencil on front flyleaf "522 T. D. M. [i.e. Tammaro De Marinis]" ; circular seal impression in name of Ḥāfiẓ Muḥammad Raḥīm (حافظ محمد رحيم) accompanies colophon / patronage statement at close on p.345, inscription within reads "الراجي من الله الكريم عبده حافظ محمد رحيم" ; occasional marginal corrections, glosses and notabilia (some rubricated), often partially lost to trimming ; lines numbered.</subfield></datafield><datafield tag="650" ind1=" " ind2="0"><subfield code="a">Manuscripts, Persian</subfield><subfield code="z">Michigan</subfield><subfield code="z">Ann Arbor.</subfield></datafield><datafield tag="650" ind1=" " ind2="0"><subfield code="a">Persian poetry</subfield><subfield code="y">747-1500.</subfield></datafield><datafield tag="650" ind1=" " ind2="0"><subfield code="a">Masnavis, Persian</subfield><subfield code="v">Early works to 1800.</subfield></datafield><datafield tag="650" ind1=" " ind2="0"><subfield code="a">Sufi poetry, Persian</subfield><subfield code="v">Early works to 1800.</subfield></datafield><datafield tag="655" ind1=" " ind2="7"><subfield code="a">Headpieces (layout features)</subfield><subfield code="y">16th century.</subfield><subfield code="2">aat</subfield></datafield><datafield tag="700" ind1="0" ind2=" "><subfield code="a">Abdülhamid</subfield><subfield code="b">II,</subfield><subfield code="c">Sultan of the Turks,</subfield><subfield code="d">1842-1918,</subfield><subfield code="e">former owner.</subfield></datafield><datafield tag="700" ind1="0" ind2=" "><subfield code="6">880-06</subfield><subfield code="a">Ḥāfiẓ Yūsuf al-Bukhārī,</subfield><subfield code="e">patron.</subfield></datafield><datafield tag="700" ind1="0" ind2=" "><subfield code="6">880-05</subfield><subfield code="a">Tursūn Muḥammad ibn Musāfir Ṣarrāf,</subfield><subfield code="e">scribe.</subfield></datafield><datafield tag="773" ind1="0" ind2=" "><subfield code="a">Abdul Hamid Collection.</subfield></datafield><datafield tag="880" ind1="0" ind2=" "><subfield code="6">700-06/</subfield><subfield code="a">حافظ يوسف البخارى,</subfield><subfield code="e">راع.</subfield></datafield><datafield tag="880" ind1="0" ind2=" "><subfield code="6">700-05/</subfield><subfield code="a">ترسون محمد بن مسافر صراف,</subfield><subfield code="e">ناسخ.</subfield></datafield><datafield tag="880" ind1="1" ind2="0"><subfield code="6">245-03/</subfield><subfield code="a">[مثنوى معنوى :</subfield><subfield code="b">مجلد چهارم و پنجم و ششم,</subfield><subfield code="f">پایان قرن 16 یا آغاز 17م؟].</subfield></datafield><datafield tag="880" ind1="1" ind2="0"><subfield code="6">240-02/</subfield><subfield code="a">مثنوي.</subfield><subfield code="n">دفتر 4-6</subfield></datafield><datafield tag="880" ind1="0" ind2=" "><subfield code="6">100-01/</subfield><subfield code="a">جلال الدين رومى,</subfield><subfield code="c">مولانا,</subfield></datafield><datafield tag="CID" ind1=" " ind2=" "><subfield code="a">006806380</subfield></datafield><datafield tag="DAT" ind1="0" ind2=" "><subfield code="a">20190719102637.0</subfield><subfield code="b">20190719000000.0</subfield></datafield><datafield tag="DAT" ind1="1" ind2=" "><subfield code="a">20190719090653.0</subfield><subfield code="b">2019-07-19T16:10:26Z</subfield></datafield><datafield tag="DAT" ind1="2" ind2=" "><subfield code="a">2015-10-02T18:00:03Z</subfield></datafield><datafield tag="CAT" ind1=" " ind2=" "><subfield code="a">SDR-MIU</subfield><subfield code="d">EX LIBRIS - ALEPH</subfield><subfield code="l">prepare.pl-004-008</subfield></datafield><datafield tag="FMT" ind1=" " ind2=" "><subfield code="a">BK</subfield></datafield><datafield tag="HOL" ind1=" " ind2=" "><subfield code="0">sdr-miu006806380</subfield><subfield code="a">MiU</subfield><subfield code="b">SDR</subfield><subfield code="c">MIU</subfield><subfield code="p">mdp.39015079127893</subfield><subfield code="s">MIU</subfield><subfield code="1">006806380</subfield></datafield><datafield tag="974" ind1=" " ind2=" "><subfield code="b">MIU</subfield><subfield code="c">MIU</subfield><subfield code="d">20190719</subfield><subfield code="s">lit-dlps-dc</subfield><subfield code="u">mdp.39015079127893</subfield><subfield code="y">1630</subfield><subfield code="r">pd</subfield><subfield code="q">bib</subfield><subfield code="t">non-US bib date2 &lt; 1879</subfield></datafield></record></collection>